<record><leader>00000cas a2200000 a 4500</leader><controlfield tag="001">13729540</controlfield><controlfield tag="008">860613d1863186uvau x n       0   a0eng d</controlfield><datafield ind1=" " ind2=" " tag="010"><subfield code="a">sn 91066317 </subfield></datafield><datafield ind1=" " ind2=" " tag="040"><subfield code="a">EEX</subfield><subfield code="b">eng</subfield><subfield code="c">EEX</subfield><subfield code="d">NYS</subfield><subfield code="d">MHN</subfield><subfield code="d">OCL</subfield><subfield code="d">OCLCQ</subfield><subfield code="d">OCLCF</subfield><subfield code="d">OCLCO</subfield><subfield code="d">OCL</subfield></datafield><datafield ind1=" " ind2=" " tag="042"><subfield code="a">msc</subfield></datafield><datafield ind1=" " ind2=" " tag="043"><subfield code="a">n-us-mi</subfield></datafield><datafield ind1=" " ind2=" " tag="090"><subfield code="a">E514.5 26th</subfield><subfield code="b">.O85</subfield></datafield><datafield ind1="0" ind2="0" tag="245"><subfield code="a">Our camp journal.</subfield></datafield><datafield ind1=" " ind2=" " tag="260"><subfield code="a">[Alexandria, Va. :</subfield><subfield code="b">26th Michigan Infantry],</subfield><subfield code="c">1863-</subfield></datafield><datafield ind1=" " ind2=" " tag="300"><subfield code="a">v. ;</subfield><subfield code="c">50 cm.</subfield></datafield><datafield ind1=" " ind2=" " tag="310"><subfield code="a">Irregular,</subfield><subfield code="b">&lt;Jan. 15, 1864-&gt;</subfield></datafield><datafield ind1=" " ind2=" " tag="321"><subfield code="a">Monthly,</subfield><subfield code="b">Apr. 1, 1863-</subfield></datafield><datafield ind1=" " ind2=" " tag="321"><subfield code="a">Semimonthly,</subfield><subfield code="b">Sept. 7, 1863-</subfield></datafield><datafield ind1="0" ind2=" " tag="362"><subfield code="a">Vol. 1, no. 1 (Apr. 1, 1863)-</subfield></datafield><datafield ind1=" " ind2=" " tag="500"><subfield code="a">Published at Fort Richmond, Staten Island, N.Y., &lt;Sept. 7, 1863&gt;.</subfield></datafield><datafield ind1=" " ind2=" " tag="500"><subfield code="a">Published at 26th Michigan Infantry Headquarters, Army of the Potomac, Va., &lt;Jan. 15, 1865&gt;.</subfield></datafield><datafield ind1="1" ind2="0" tag="610"><subfield code="a">United States.</subfield><subfield code="b">Army.</subfield><subfield code="b">Michigan Infantry Regiment, 26th (1862-1865)</subfield><subfield code="v">Newspapers.</subfield></datafield><datafield ind1="1" ind2="0" tag="610"><subfield code="a">United States.</subfield><subfield code="b">Army of the Potomac</subfield><subfield code="v">Newspapers.</subfield></datafield><datafield ind1=" " ind2="0" tag="651"><subfield code="a">Michigan</subfield><subfield code="x">History</subfield><subfield code="y">Civil War, 1861-1865.</subfield></datafield><datafield ind1="1" ind2="7" tag="610"><subfield code="a">United States.</subfield><subfield code="b">Army.</subfield><subfield code="b">Michigan Infantry Regiment, 26th (1862-1865)</subfield><subfield code="2">fast</subfield><subfield code="0">(OCoLC)fst01917747</subfield></datafield><datafield ind1="1" ind2="7" tag="610"><subfield code="a">United States.</subfield><subfield code="b">Army of the Potomac.</subfield><subfield code="2">fast</subfield><subfield code="0">(OCoLC)fst00576981</subfield></datafield><datafield ind1="2" ind2="7" tag="611"><subfield code="a">American Civil War (1861-1865)</subfield><subfield code="2">fast</subfield><subfield code="0">(OCoLC)fst01351658</subfield></datafield><datafield ind1=" " ind2="7" tag="651"><subfield code="a">Michigan.</subfield><subfield code="2">fast</subfield><subfield code="0">(OCoLC)fst01208387</subfield></datafield><datafield ind1=" " ind2="7" tag="648"><subfield code="a">1861-1865</subfield><subfield code="2">fast</subfield></datafield><datafield ind1=" " ind2="7" tag="655"><subfield code="a">History.</subfield><subfield code="2">fast</subfield><subfield code="0">(OCoLC)fst01411628</subfield></datafield><datafield ind1=" " ind2="7" tag="655"><subfield code="a">Newspapers.</subfield><subfield code="2">fast</subfield><subfield code="0">(OCoLC)fst01423814</subfield></datafield><datafield ind1="1" ind2=" " tag="710"><subfield code="a">United States.</subfield><subfield code="b">Army.</subfield><subfield code="b">Michigan Infantry Regiment, 26th (1862-1865)</subfield></datafield><datafield ind1=" " ind2=" " tag="752"><subfield code="a">United States</subfield><subfield code="b">Virginia</subfield><subfield code="d">Alexandria.</subfield></datafield><datafield ind1=" " ind2=" " tag="752"><subfield code="a">United States</subfield><subfield code="b">New York</subfield><subfield code="d">Staten Island, N.Y.</subfield></datafield><datafield ind1="1" ind2=" " tag="029"><subfield code="a">AU@</subfield><subfield code="b">000020226407</subfield></datafield></record>